@book{CoreJava,
	author			= {Cay S. Horstmann, Gary Cornell},
	publisher		= {Sun Microsystems, Inc.},
	title				= {Core Java},
	volume			= {1 - Fundamentals},
	edition			= {Eight}
	year				= 2007,
	isbn				= {0-13-235476-4},
  note				=	{\\{\footnotesize\url{http://horstmann.com/corejava}}}
}

@book{JSwing,
	author			= {John Zukowski},
	publisher		= {Apress},
	title				= {The Definitive Guide to Java Swing},
	edition			= {Third},
	year				= 2005,
	isbn				= {1-59059-447-9},
  note				=	{\\{\footnotesize\url{http://www.apress.com}}}
}

@book{JSwingTut,
	author			= {Kathy Walrath, Mary Campione, Alison Huml, Sharon Zakhour},
	publisher		= {Addison-Wesley},
	title				= {The JFC Swing Tutorial, Second Edition},
	year				= 2004,
	isbn				= {0-201-91467-0},
  note				=	{\\{\footnotesize\url{http://www.javaseries.com}}}
}

@book{Eclipse31,
	author			= {Berthold Daum},
	publisher		= {dpunkt.verlag},
	title				= {Java-Entwicklung mit Eclipse 3.1},
	edition			= {3.},
	year				= 2005,
	isbn				= {3-89864-338-7}
}

@book{JFaceInAction,
	author			= {Matthew Scarpino, Stephen Holder, Stanford Ng, Laurent Mihalkovic},
	publisher		= {Manning Publications Co.},
	title				= {SWT/JFace in Action},
	year				= 2005,
	isbn				= {1-932394-27-3}
}

@mastersthesis{RNWEclipse,
	author =				{Klaus Mitreiter},
	title =					{Einbettung der graphischen Benutzungsschnittstelle von Renew in Eclipse},
	school =				{Universit"at Hamburg, Fakult"at f"ur Mathematik, Informatik und Naturwissenschaften, Department Informatik},
  year =					{2007/2009},
  note =					{R37905}
}

@manual{Eclipse,
	organization =	{Eclipse Foundation, Inc.},
	title =					{Eclipse},
  note =					{\\{\footnotesize\url{http://www.eclipse.org}}}
}

@manual{EPL,
	organization =	{Eclipse Foundation, Inc.},
	title =					{Eclipse Public License - v 1.0},
  note =					{\\{\footnotesize\url{http://www.eclipse.org/org/documents/epl-v10.php}}}
}

@manual{EclipsePlatform,
	organization =	{Eclipse Foundation, Inc.},
	title =					{Eclipse Platform},
  note =					{\\{\footnotesize\url{http://www.eclipse.org/platform/}}}
}

@manual{Equinox,
	organization =	{Eclipse Foundation, Inc.},
	title =					{Equinox Framework},
  note =					{\\{\footnotesize\url{http://www.eclipse.org/equinox/}}}
}

@manual{RCT,
	organization =	{Eclipse Foundation, Inc.},
	title =					{Rich Client Tutorial Part 1},
  note =					{\\{\footnotesize\url{http://www.eclipse.org/articles/Article-RCP-1/tutorial1.html}}}
}

@manual{CNF,
	organization =	{Eclipse Foundation, Inc.},
	title =					{Common Navigator Framework},
  note =					{\\{\footnotesize\url{http://wiki.eclipse.org/index.php/Common_Navigator_Framework}}\\
  									{\footnotesize
  										\href{http://help.eclipse.org/stable/topic/org.eclipse.platform.doc.isv/guide/cnf.htm}
  											{\nolinkurl{http://help.eclipse.org/stable/topic/org.eclipse.platform.doc.isv/}\\
  												\nolinkurl{guide/cnf.htm}}}}
}

@manual{CNF_IBM,
	organization =	{IBM},
	title =					{Build an Eclipse plug-in to navigate content in an EMF model},
  note =					{\\{\footnotesize\url{http://www.ibm.com/developerworks/library/os-eclipse-emf/}}}
}

@manual{BS_HelloRCP,
	author = 				{Tim Molter},
	title =					{Hello World with Eclipse RCP - Your First Application},
	year =					{2008},
  note =					{\\{\footnotesize
  	\href{http://obscuredclarity.blogspot.com/2008/11/hello-world-with-eclipse-rcp-your-first.html}
  	{\nolinkurl{http://obscuredclarity.blogspot.com/2008/11/hello-world-with-eclipse-}\\
  		\nolinkurl{rcp-your-first.html}}}}
}

@manual{CNTut,
	author = 				{{Patrick Paulin}},
	title =					{Common Navigator Tutorial 1: Hello World},
  note =					{\\{\footnotesize
  	\href{http://rcpquickstart.com/2007/04/25/common-navigator-tutorial-1-hello-world/}
  	{\nolinkurl{http://rcpquickstart.com/2007/04/25/common-navigator-tutorial-1-}\\
  		\nolinkurl{hello-world/}}}}
}

@manual{BS_CNF,
	author = 				{Michael Elder},
	title =					{Common Navigator Framework},
	year =					{2007},
  note =					{\\{\footnotesize
  	\href{http://richclientplatform.blogspot.com/2007/06/common-navigator-framework.html}
  	{\nolinkurl{http://richclientplatform.blogspot.com/2007/06/common-navigator-}\\
  		\nolinkurl{framework.html}}}}
}

@manual{SWT,
	organization =	{Eclipse Foundation, Inc.},
	title =					{SWT},
  note =					{\\{\footnotesize\url{http://www.eclipse.org/swt/}}}
}

@manual{JFace,
	organization =	{Eclipse Foundation, Inc.},
	title =					{JFace},
  note =					{\\{\footnotesize\url{http://wiki.eclipse.org/index.php/JFace}\\
  	\href{http://help.eclipse.org/ganymede/index.jsp?topic=/org.eclipse.platform.doc.isv/guide/jface.htm}
  	{\nolinkurl{http://help.eclipse.org/ganymede/index.jsp?topic=/org.eclipse.}\\
  		\nolinkurl{platform.doc.isv/guide/jface.htm}}}}
}

@manual{TreeViewer,
	title =					{How to use the JFace Tree Viewer},
  note =					{\\{\footnotesize
  	\href{http://www.eclipse.org/articles/Article-TreeViewer/TreeViewerArticle.htm}
  	{\nolinkurl{http://www.eclipse.org/articles/Article-TreeViewer/TreeViewerArticle.}\\
  		\nolinkurl{htm}}}}
}

@manual{JFaceFileExplorer,
	title =					{Using the Eclipse GUI outside the Eclipse Workbench, Part 1: Using JFace and SWT in stand-alone mode, Building a simple file explorer application},
  note =					{\\{\footnotesize\url{http://www.ibm.com/developerworks/library/os-ecgui1/}}}
}

@manual{SwingTut,
	organization =	{SUN},
	title =					{{Creating a GUI with JFC/Swing}},
  note =					{\\{\footnotesize\url{http://java.sun.com/docs/books/tutorial/uiswing/TOC.html}}}
}

@manual{BasicIO,
	organization =	{SUN},
	title =					{{Lesson: Basic I/O}},
  note =					{\\{\footnotesize\url{http://java.sun.com/docs/books/tutorial/essential/io/file.html}}}
}